@article{m4,
    author = {S. Makridakis and E. Spiliotis and V. Assimakopoulos},
    title = {The M4 Competition: 100,000 time series and 61 forecasting methods},
    journal = {Int. J. Forecasting},
    volume = {36},
    number = {1},
    pages = {54--74},
    year = {2020},
    url = {https://doi.org/10.1016/j.ijforecast.2019.04.014}
}

@article{smape,
    author = {S. Makridakis},
    title = {Accuracy measures: theoretical and practical concerns},
    journal = {Int. J. Forecasting},
    volume = {9},
    number = {4},
    pages = {527--529},
    year = {1993},
    url = {https://doi.org/10.1016/0169-2070(93)90079-3}
}

@article{mase,
    author = {R. J. Hyndman and A. B. Koehler},
    title = {Another look at measures of forecast accuracy},
    journal = {Int. J. Forecasting},
    volume = {22},
    number = {4},
    pages = {679--688},
    year = {2006},
    url = {https://doi.org/10.1016/j.ijforecast.2006.03.001}
}

@article{es-rnn,
    author = {S. Smyl},
    title = {A hybrid method of exponential smoothing and recurrent neural networks for time series forecasting},
    journal = {Int. J. Forecasting},
    volume = {36},
    number = {1},
    pages = {75--85},
    year = {2020},
    url = {https://doi.org/10.1016/j.ijforecast.2019.03.017}
}

@article{winters,
    author = {P. R. Winters},
    title = {Forecasting sales by exponentially weighted moving averages},
    journal = {Management science},
    volume = {6},
    number = {3},
    pages = {324--342},
    year = {1960},
    url = {https://doi.org/10.1287/mnsc.6.3.324}
}

@article{e-cnn,
    author = {A.P. Wibawa and A.B.P. Utama and H. Elmunsyah and others},
    title = {Time-series analysis with smoothed Convolutional Neural Network},
    journal = {J Big Data},
    volume = {9},
    pages = {44},
    year = {2022},
    url = {https://doi.org/10.1186/s40537-022-00599-y}
}

@online{slawek,
    author = {Slawek Smyl and Jai Ranganathan and Andrea Pasqua},
    title = {M4 Forecasting Competition: Introducing a New Hybrid ES-RNN Model},
    year = {2023},
    url = {https://www.uber.com/en-GR/blog/m4-forecasting-competition/},
    note = {Accessed 15 Sep 2023}
}

@article{ayitey,
    author = {M. Ayitey Junior and P. Appiahene and O. Appiah and others},
    title = {Forex market forecasting using machine learning: Systematic Literature Review and meta-analysis},
    journal = {J Big Data},
    volume = {10},
    pages = {9},
    year = {2023},
    url = {https://doi.org/10.1186/s40537-022-00676-2}
}

@misc{fletcher,
    author = {TSB. Fletcher},
    title = {Machine learning for financial market prediction},
    year = {2012},
    note = {p. 207},
    url = {http://discovery.ucl.ac.uk/1338146/},
    howpublished = {Accessed 15 Sep 2023}
}

@article{islam,
    author = {M.S. Islam and E. Hossain and A. Rahman and M.S. Hossain and K. Andersson},
    title = {A review on recent advancements in FOREX currency prediction},
    journal = {Algorithms},
    volume = {13},
    number = {8},
    pages = {1--23},
    year = {2020},
    url = {https://doi.org/10.3390/A13080186}
}

@article{ryll,
    author = {L. Ryll and S. Seidens},
    title = {Evaluating the performance of machine learning algorithms in financial market forecasting: a comprehensive survey},
    year = {2019},
    url = {http://arxiv.org/abs/1906.07786}
}

@inproceedings{panda,
    author = {M.M. Panda and S.N. Panda and P.K. Pattnaik},
    title = {Exchange rate prediction using ANN and deep learning methodologies: a systematic review},
    booktitle = {Indo-Taiwan 2nd International Conference on Computing, Analytics and Networks, Indo-Taiwan ICAN 2020â€”Proceedings},
    year = {2020},
    pages = {86--90},
    url = {https://doi.org/10.1109/Indo-TaiwanICAN48429.2020.9181351}
}

@book{brown,
    author = {R. G. Brown},
    title = {Exponential Smoothing for Predicting Demand},
    publisher = {Cambridge, Massachusetts: Arthur D. Little Inc.},
    year = {1956},
    note = {p. 15},
    url = {https://www.industrydocuments.ucsf.edu/tobacco/docs/#id=jzlc0130}
}

@online{ecb,
    author = {European Central Bank},
    title = {Euro foreign exchange reference rates},
    year = {2023},
    url = {https://www.ecb.europa.eu/stats/policy_and_exchange_rates/euro_reference_exchange_rates/html/index.en.html},
    note = {Accessed 15 Sep 2023}
}

@article{transformer,
  title={Financial Time Series Forecasting using CNN and Transformer},
  author={Zeng, Zhen and Kaur, Rachneet and Siddagangappa, Suchetha and Rahimi, Saba and Balch, Tucker and Veloso, Manuela},
  journal={arXiv preprint arXiv:2304.04912},
  year={2023}
}
